% This file was created with JabRef 2.7b.
% Encoding: UTF-8

@ARTICLE{Guo2012a,
  author = {Fangjian Guo and Jiang Su and Jian Gao},
  title = {Finding Conspirators in the Network via Machine Learning},
  journal = {The UMAP Journal},
  year = {2012},
  volume = {33},
  number = {3},
  owner = {richard},
  timestamp = {2012.07.10}
}

@ARTICLE{Guo2012,
  author = {Fangjian Guo and Zimo Yang and Tao Zhou},
  title = {Predicting link directions via a recursive subgraph-based ranking},
  journal = {Europhysics Letters (submitted)},
  volume = {arXiv: 1206.2199},
  owner = {richard},
  timestamp = {2012.07.10}
}

@comment{jabref-meta: selector_publisher:}

@comment{jabref-meta: selector_author:}

@comment{jabref-meta: selector_journal:}

@comment{jabref-meta: selector_keywords:}

